
@misc{feagin_poverty_1972,
	title = {Poverty: {We} {Still} {Believe} {That} {God} {Helps} {Those} {Who} {Help} {Themselves}},
	shorttitle = {Poverty},
	url = {https://repository.library.georgetown.edu/handle/10822/764308},
	language = {en},
	urldate = {2022-12-09},
	journal = {eweb:3433},
	author = {Feagin, Joe R.},
	month = nov,
	year = {1972},
	note = {Accepted: 2016-01-06T21:16:09Z},
	file = {Snapshot:C\:\\Users\\Oscar Wilde\\Zotero\\storage\\46GRN6K3\\764308.html:text/html},
}
